<record><leader>00000cas a22000007a 4500</leader><controlfield tag="001">26536527</controlfield><controlfield tag="008">920904d19121937wyuwr ne      0    0eng d</controlfield><datafield ind1=" " ind2=" " tag="010"><subfield code="a">sn 92067183 </subfield></datafield><datafield ind1=" " ind2=" " tag="040"><subfield code="a">NVO</subfield><subfield code="b">eng</subfield><subfield code="c">NVO</subfield><subfield code="d">OCLCQ</subfield></datafield><datafield ind1=" " ind2=" " tag="042"><subfield code="a">msc</subfield></datafield><datafield ind1="0" ind2="0" tag="245"><subfield code="a">Bridger Valley enterprise.</subfield></datafield><datafield ind1=" " ind2=" " tag="260"><subfield code="a">Lyman, Uinta County, Wyo. :</subfield><subfield code="b">The Enterprise</subfield></datafield><datafield ind1=" " ind2=" " tag="300"><subfield code="a">v.</subfield></datafield><datafield ind1=" " ind2=" " tag="310"><subfield code="a">Weekly</subfield></datafield><datafield ind1="1" ind2=" " tag="362"><subfield code="a">Began in 1912.</subfield><subfield code="z">Cf. Homsher, L. Guide to Wyoming newspapers, 1867-1967.</subfield></datafield><datafield ind1="0" ind2=" " tag="362"><subfield code="a">-v. 26, no. 4 (Aug. 5, 1937).</subfield></datafield><datafield ind1=" " ind2=" " tag="515"><subfield code="a">Numbering is irregular.</subfield></datafield><datafield ind1=" " ind2=" " tag="588"><subfield code="a">Description based on: Vol. 14, no. 48 (June 24, 1926).</subfield></datafield><datafield ind1=" " ind2="4" tag="651"><subfield code="a">Lyman (Wyo.)</subfield><subfield code="v">Newspapers.</subfield></datafield><datafield ind1=" " ind2="4" tag="651"><subfield code="a">Uinta County (Wyo.)</subfield><subfield code="v">Newspapers.</subfield></datafield><datafield ind1=" " ind2=" " tag="752"><subfield code="a">United States</subfield><subfield code="b">Wyoming</subfield><subfield code="c">Uinta</subfield><subfield code="d">Lyman.</subfield></datafield><datafield ind1="0" ind2="7" tag="785"><subfield code="t">Evanston booster</subfield></datafield><datafield ind1="0" ind2="7" tag="785"><subfield code="t">Uinta County herald</subfield><subfield code="w">(DLC)sn 85058173</subfield></datafield></record>